1843 2527
837 229 890 254 ·-·.
984 210 1007 248 6
1100 230 1155 238 -·

237 329 320 356 tum
347 318 492 355 habent
518 318 611 359 vim,
653 325 752 363 quae
779 314 962 360 Messala,
1003 317 1224 366 praeceptis*
1247 322 1435 358 veterum,
1478 325 1546 361 suo
1574 321 1752 363 tempore

237 374 442 418 incognitis
478 378 518 405 et
545 367 740 409 inauditis,
782 379 922 415 magno
952 372 1087 416 spiritu
1115 379 1153 404 et
1182 369 1303 404 multa
1330 366 1667 404 commendatione
1693 378 1753 402 re-

235 426 391 472 petitis,
420 421 467 456 de
496 420 689 454 oblivione
717 422 833 454 moris
861 424 1025 469 antiqui,
1060 420 1109 457 de
1137 420 1281 458 desidia
1301 422 1531 467 rjuoentutis,
1566 418 1615 455 de
1641 421 1754 455 insci·
1796 426 1798 428 “

236 478 342 511 entia
369 474 704 522 praecipientium,
733 470 782 508 de
810 474 987 508 omnibus
1014 473 1187 510 honestis
1215 472 1347 511 studiis
1374 475 1517 508 amissis
1545 471 1694 517 disserit
1706 471 1772 516 *);-

235 536 319 562 tum
354 537 533 572 magnum
568 528 690 559 oritur
716 533 957 559 momentum
986 528 1151 561 orationi
1178 527 1363 568 Materni,
1405 535 1502 572 quae
1529 527 1689 559 incitata
1717 531 1757 558 et

236 579 404 619 vibrans,
445 576 494 611 de
520 576 700 611 libertate
729 585 768 611 et
796 575 982 624 loquendi
1014 585 1056 622 et
1084 576 1334 613 concertandi
1363 586 1402 613 et
1428 579 1509 624 jure
1535 578 1757 625 potentissi-

237 642 341 666 mum
370 640 563 677 quemque
590 628 754 665 vexandi
782 628 950 673 ademto,
968 631 1220 678 ‚queritur.**)
1246 650 1300 656 —
1327 629 1402 666 Sed
1428 642 1511 665 non
1537 629 1653 677 longe
1667 637 1758 677 post

236 694 374 731 necem
403 683 571 717 Materni
597 683 760 728 scriptum
787 681 901 717 fuisse
929 677 1153 730 Dialogum,
1181 682 1322 718 docere
1348 680 1498 717 videtur
1523 694 1606 717 non
1634 681 1759 716 solum

237 733 369 775 odium
397 736 576 776 auctoris,
592 734 625 768 Ἃ
651 735 833 769 Materno
861 737 902 769 in
928 736 1127 780 juventute
1154 744 1359 783 exceptum
1387 729 1592 776 etrecens,
1620 742 1670 776 et,
1693 733 1760 769 ubi

240 785 475 821 crudelitatis
498 784 729 821 recordatio
766 784 1009 822 acerbissima
1036 790 1237 830 essetsin
1265 799 1398 822 omnes
1426 794 1554 835 partes
1582 786 1668 820 libri
1696 797 1759 820 ae-

239 838 383 886 quabili
417 837 578 873 effusum
610 837 876 880 vehementia,
916 837 984 873 sed
1019 841 1135 874 etiam
1171 840 1259 874 c'um
1286 839 1432 886 Aprum
1459 846 1499 873 et
1525 837 1666 873 Julium
1687 835 1759 871 'Se-

240 889 420 933 cundum,
446 891 523 936 jam
552 888 696 924 dudum
724 898 909 932 mortuos,
935 889 1041 925 haud
1067 893 1121 925 ita
1148 889 1274 925 adhuc
1301 899 1430 932 notOS,
1458 892 1672 924 accuratius
1693 886 1758 923 de-

240 942 392 983 scribat,
420 941 580 988 simplex
607 941 673 975 illa
700 944 1018 976 commemoratio
1045 940 1235 976 Messalae
1263 948 1303 977 et
1329 941 1430 977 Vibii
1452 940 1574 988 Crispi
1603 948 1642 975 et
1656 940 1762 986 Eprii

239 993 434 1035 Marcelli,
462 1001 502 1027 et
528 995 711 1040 imprimis
739 993 908 1027 Materni
932 992 1032 1027 illius
1045 992 1101 1035 Ψ)
1129 995 1205 1042 qui,
1232 986 1409 1042 tempore
1435 993 1660 1041 Vespasiani
1689 990 1760 1027 Ca-

241 1054 337 1081 tone
372 1048 586 1080 accuratius
619 1048 783 1080 recitato
819 1056 924 1080 nunc
952 1048 1152 1081 materiam
1179 1046 1341 1093 praebet
1365 1045 1452 1080 libri
1481 1041 1760 1081 conscribendi.

244 1097 357 1144 Quae
384 1097 560 1145 exempla
586 1106 682 1132 nota
710 1099 799 1131 satis
825 1096 1013 1140 videntur,
1039 1109 1122 1132 non
1149 1097 1261 1139 altius
1289 1095 1550 1133 describenda.
1604 1091 1762 1132 Et'sane

246 1150 293 1184 ab
330 1158 506 1192 auctore,
548 1160 635 1183 cum
668 1151 745 1183 vita
773 1156 812 1183 et
839 1161 965 1184 mores
1000 1148 1277 1198 disputantium
1311 1152 1509 1186 sententiis
1536 1158 1607 1196 per
1633 1156 1762 1184 totum

244 1200 418 1237 libellum
445 1200 608 1235 multum
636 1199 780 1235 addant
808 1209 1065 1243 momentum,
1099 1204 1320 1250 priusquam
1347 1203 1532 1235 memoria
1560 1211 1695 1235 eorum
1722 1208 1763 1235 et

245 1260 466 1300 temporum
499 1254 729 1294 evanuisset,
771 1251 975 1287 commode
1010 1251 1134 1287 afferri
1167 1261 1367 1300 poterant,
1407 1260 1451 1286 ut
1482 1253 1590 1287 Justo
1624 1251 1762 1293 Fabio,

246 1301 500 1350 omnibusque
528 1306 572 1338 iis
600 1315 763 1350 quorum
790 1306 830 1338 in
858 1316 992 1339 manus
1019 1303 1116 1339 liber
1143 1313 1225 1339 erat
1251 1313 1449 1346 venturus,
1489 1312 1616 1339 essent
1643 1306 1761 1353 gravi-

246 1367 323 1390 ora.
379 1355 612 1402 Quanquam
640 1354 690 1389 ob
712 1354 993 1402 finemdialogi,
1021 1359 1096 1402 qui,
1125 1367 1223 1402 quae
1238 1364 1352 1391 antea
1373 1355 1509 1392 acerbe
1524 1343 1625 1391 dicta
1641 1363 1762 1398 erant,

247 1407 340 1455 Cap.
367 1408 463 1442 XLI.
491 1409 655 1454 mitigat,
697 1408 879 1441 editionem
906 1406 1008 1450 libri,
1049 1415 1226 1455 tempore
1252 1408 1468 1443 Domitiani
1495 1407 1761 1456 periculosam,

246 1460 394 1494 Nervae
421 1458 582 1494 fortasse
611 1470 677 1493 seu
705 1462 834 1506 primis
854 1459 1010 1505 Trajani
1037 1461 1158 1502 annis,
1185 1462 1360 1507 para'tam
1387 1470 1480 1503 esse,
1507 1459 1614 1495 nullo
1642 1457 1761 1495 modo

246 1522 430 1559 repugno.
754 1528 766 1532 —

940 1587 974 1635 ς.
1029 1592 1074 1624 11.

649 1659 711 1696 De
739 1668 966 1708 argumento
1001 1668 1042 1696 et
1069 1658 1231 1696 consilio
1259 1659 1358 1696 libri.
1383 1657 1388 1659 “

349 1747 395 1780 In
422 1754 589 1793 quatuor
615 1754 743 1792 partes
769 1748 823 1780 ita
851 1744 1081 1781 dissecatum
1107 1754 1234 1781 totum
1262 1754 1527 1795 argumentum
1555 1756 1630 1793 est,
1670 1756 1714 1785 ut
1741 1759 1764 1784 a

246 1859 289 1869 v·—

257 1939 259 1941 η
282 1907 310 1939 ⁴¹)
329 1906 507 1941 Vespasianus
525 1905 630 1939 ingenia
649 1913 674 1931 ex
692 1912 757 1932 artes
775 1905 851 1945 [ogit.
886 1905 991 1943 Sueton
1009 1907 1089 1942 Vesp.
1109 1907 1209 1934 xvln.

283 1957 328 1990 a)
347 1957 381 1985 cf.
399 1958 485 1986 Tacit.
503 1958 618 1993 Agrico).
639 1958 671 1985 c.
690 1959 723 1983 11.
743 1958 790 1983 111.
1065 1951 1066 1954 ’

284 2008 427 2046 ω’)ᾩερ.
446 2010 481 2037 11.
508 2018 565 2035 non
590 2009 631 2043 leg
649 2021 653 2034 ι
668 2010 685 2036 d
707 2019 733 2035 m
752 2015 790 2035 est
809 2009 983 2036 Curiatius
1003 2010 1197 2039 Maternus,
1240 2012 1285 2037 sed
1304 2017 1378 2038 vetus
1396 2011 1488 2038 lectio:
1508 2009 1703 2040 accuratius
1720 2023 1762 2042 te-

336 2044 449 2069 menda.
487 2045 590 2074 Fames,
611 2045 682 2071 Cod.
701 2054 748 2079 per
766 2050 854 2071 totum
873 2045 993 2071 libellum
1012 2046 1102 2071 mmet
1122 2052 1159 2071 est
1177 2046 1252 2074 fides.
