<?xml version="1.0" encoding="UTF-8"?>
<!DOCTYPE html PUBLIC "-//W3C//DTD XHTML 1.0 Transitional//EN"
    "http://www.w3.org/TR/xhtml1/DTD/xhtml1-transitional.dtd">
<html xmlns="http://www.w3.org/1999/xhtml" xml:lang="en" lang="en">
 <head>
  <title>
</title>
<meta http-equiv="Content-Type" content="text/html;charset=utf-8" />
  <meta name='ocr-system' content='tesseract 3.04.00' />
  <meta name='ocr-capabilities' content='ocr_page ocr_carea ocr_par ocr_line ocrx_word'/>
</head>
<body>
  <div class='ocr_page' id='page_1' title='image "./4627082_0013.png"; bbox 0 0 1843 2527; ppageno 0'>
   <div class='ocr_carea' id='block_1_1' title="bbox 661 187 983 226">
    <p class='ocr_par' dir='ltr' id='par_1_1' title="bbox 661 187 983 226">
     <span class='ocr_line' id='line_1_1' title="bbox 661 187 983 226; baseline 0 -10"><span class='ocrx_word' id='word_1_1' title='bbox 661 187 983 226; x_wconf 42' lang='lat' dir='ltr'>...q-..⁶</span> 
     </span>
    </p>
   </div>
   <div class='ocr_carea' id='block_1_2' title="bbox 61 290 1585 1020">
    <p class='ocr_par' dir='ltr' id='par_1_2' title="bbox 61 290 1585 1020">
     <span class='ocr_line' id='line_1_2' title="bbox 62 290 1581 345; baseline -0.001 -12"><span class='ocrx_word' id='word_1_2' title='bbox 62 295 156 345; x_wconf 88' lang='lat' dir='ltr'>Cap.</span> <span class='ocrx_word' id='word_1_3' title='bbox 170 293 339 333; x_wconf 78' lang='lat' dir='ltr'>1-X11L</span> <span class='ocrx_word' id='word_1_4' title='bbox 367 294 602 342; x_wconf 80' lang='lat' dir='ltr'><strong>praestantia</strong></span> <span class='ocrx_word' id='word_1_5' title='bbox 628 303 792 342; x_wconf 85' lang='lat' dir='ltr'>poeseos</span> <span class='ocrx_word' id='word_1_6' title='bbox 820 300 957 329; x_wconf 88' lang='lat' dir='ltr'>contra</span> <span class='ocrx_word' id='word_1_7' title='bbox 984 290 1247 341; x_wconf 79' lang='lat' dir='ltr'>eloquentiam</span> <span class='ocrx_word' id='word_1_8' title='bbox 1275 296 1488 338; x_wconf 80' lang='lat' dir='ltr'>evincatur,</span> <span class='ocrx_word' id='word_1_9' title='bbox 1517 294 1581 332; x_wconf 84' lang='lat' dir='ltr'>de·</span> 
     </span>
     <span class='ocr_line' id='line_1_3' title="bbox 62 345 1583 394; baseline 0 -11"><span class='ocrx_word' id='word_1_10' title='bbox 62 349 153 384; x_wconf 78' lang='lat' dir='ltr'>inde</span> <span class='ocrx_word' id='word_1_11' title='bbox 194 354 315 394; x_wconf 49' lang='lat' dir='ltr'>ique</span> <span class='ocrx_word' id='word_1_12' title='bbox 357 345 406 381; x_wconf 89' lang='lat' dir='ltr'>ad</span> <span class='ocrx_word' id='word_1_13' title='bbox 448 346 539 394; x_wconf 90' lang='lat' dir='ltr'>Cap.</span> <span class='ocrx_word' id='word_1_14' title='bbox 580 347 726 382; x_wconf 84' lang='lat' dir='ltr'><strong>XXVII</strong></span> <span class='ocrx_word' id='word_1_15' title='bbox 765 349 947 394; x_wconf 86' lang='lat' dir='ltr'><strong>antiquae</strong></span> <span class='ocrx_word' id='word_1_16' title='bbox 993 346 1242 394; x_wconf 84' lang='lat' dir='ltr'>eloquentiae</span> <span class='ocrx_word' id='word_1_17' title='bbox 1283 346 1403 393; x_wconf 82' lang='lat' dir='ltr'>gloria</span> <span class='ocrx_word' id='word_1_18' title='bbox 1445 358 1583 384; x_wconf 86' lang='lat' dir='ltr'>contra</span> 
     </span>
     <span class='ocr_line' id='line_1_4' title="bbox 61 397 1585 449; baseline 0 -12"><span class='ocrx_word' id='word_1_19' title='bbox 61 400 249 449; x_wconf 85' lang='lat' dir='ltr'>malignos</span> <span class='ocrx_word' id='word_1_20' title='bbox 277 398 535 445; x_wconf 79' lang='lat' dir='ltr'>confirmetur3</span> <span class='ocrx_word' id='word_1_21' title='bbox 560 406 644 434; x_wconf 87' lang='lat' dir='ltr'>tum</span> <span class='ocrx_word' id='word_1_22' title='bbox 669 409 790 448; x_wconf 88' lang='lat' dir='ltr'>usque</span> <span class='ocrx_word' id='word_1_23' title='bbox 817 397 867 434; x_wconf 89' lang='lat' dir='ltr'>ad</span> <span class='ocrx_word' id='word_1_24' title='bbox 893 398 986 447; x_wconf 88' lang='lat' dir='ltr'>Cap.</span> <span class='ocrx_word' id='word_1_25' title='bbox 1012 400 1170 434; x_wconf 86' lang='lat' dir='ltr'>XXXV.</span> <span class='ocrx_word' id='word_1_26' title='bbox 1203 401 1394 433; x_wconf 88' lang='lat' dir='ltr'>institutio</span> <span class='ocrx_word' id='word_1_27' title='bbox 1423 404 1585 437; x_wconf 77' lang='lat' dir='ltr'>oratoris</span> 
     </span>
     <span class='ocr_line' id='line_1_5' title="bbox 64 450 1581 500; baseline 0 -12"><span class='ocrx_word' id='word_1_28' title='bbox 64 451 300 491; x_wconf 73' lang='lat' dir='ltr'>efiormanda</span> <span class='ocrx_word' id='word_1_29' title='bbox 335 461 375 488; x_wconf 86' lang='lat' dir='ltr'>et</span> <span class='ocrx_word' id='word_1_30' title='bbox 410 450 714 495; x_wconf 87' lang='lat' dir='ltr'>corroboranda,</span> <span class='ocrx_word' id='word_1_31' title='bbox 757 463 779 488; x_wconf 94' lang='lat' dir='ltr'>e</span> <span class='ocrx_word' id='word_1_32' title='bbox 806 454 1024 500; x_wconf 87' lang='lat' dir='ltr'>praeceptis</span> <span class='ocrx_word' id='word_1_33' title='bbox 1051 460 1223 487; x_wconf 89' lang='lat' dir='ltr'>veterum</span> <span class='ocrx_word' id='word_1_34' title='bbox 1253 455 1354 487; x_wconf 89' lang='lat' dir='ltr'>circa</span> <span class='ocrx_word' id='word_1_35' title='bbox 1383 450 1581 488; x_wconf 87' lang='lat' dir='ltr'>educatio-</span> 
     </span>
     <span class='ocr_line' id='line_1_6' title="bbox 62 503 1581 551; baseline -0.001 -11"><span class='ocrx_word' id='word_1_36' title='bbox 62 515 156 540; x_wconf 86' lang='lat' dir='ltr'>nem</span> <span class='ocrx_word' id='word_1_37' title='bbox 184 514 223 539; x_wconf 93' lang='lat' dir='ltr'>et</span> <span class='ocrx_word' id='word_1_38' title='bbox 251 507 545 541; x_wconf 81' lang='lat' dir='ltr'>exercitationes</span> <span class='ocrx_word' id='word_1_39' title='bbox 561 503 731 540; x_wconf 86' lang='lat' dir='ltr'>forenses</span> <span class='ocrx_word' id='word_1_40' title='bbox 743 511 1064 551; x_wconf 87' lang='lat' dir='ltr'>repraesentetur,</span> <span class='ocrx_word' id='word_1_41' title='bbox 1091 513 1289 551; x_wconf 88' lang='lat' dir='ltr'>postremo</span> <span class='ocrx_word' id='word_1_42' title='bbox 1304 504 1486 539; x_wconf 90' lang='lat' dir='ltr'>valetudo</span> <span class='ocrx_word' id='word_1_43' title='bbox 1503 505 1581 539; x_wconf 76' lang='lat' dir='ltr'>elo-</span> 
     </span>
     <span class='ocr_line' id='line_1_7' title="bbox 62 554 1582 607; baseline 0.001 -16"><span class='ocrx_word' id='word_1_44' title='bbox 62 559 244 607; x_wconf 85' lang='lat' dir='ltr'>quentiae</span> <span class='ocrx_word' id='word_1_45' title='bbox 278 568 300 592; x_wconf 90' lang='lat' dir='ltr'>e</span> <span class='ocrx_word' id='word_1_46' title='bbox 333 556 490 591; x_wconf 88' lang='lat' dir='ltr'>licentia</span> <span class='ocrx_word' id='word_1_47' title='bbox 523 555 757 605; x_wconf 85' lang='lat' dir='ltr'>reipublicae</span> <span class='ocrx_word' id='word_1_48' title='bbox 783 554 970 591; x_wconf 87' lang='lat' dir='ltr'>laudetur.</span> <span class='ocrx_word' id='word_1_49' title='bbox 997 574 1051 580; x_wconf 87' lang='lat'>—-</span> <span class='ocrx_word' id='word_1_50' title='bbox 1104 555 1216 602; x_wconf 85' lang='lat' dir='ltr'>Quae</span> <span class='ocrx_word' id='word_1_51' title='bbox 1243 564 1387 603; x_wconf 89' lang='lat' dir='ltr'>partes,</span> <span class='ocrx_word' id='word_1_52' title='bbox 1429 565 1471 591; x_wconf 93' lang='lat' dir='ltr'>ut</span> <span class='ocrx_word' id='word_1_53' title='bbox 1500 569 1582 592; x_wconf 89' lang='lat' dir='ltr'>mo-</span> 
     </span>
     <span class='ocr_line' id='line_1_8' title="bbox 62 606 1583 657; baseline 0.001 -12"><span class='ocrx_word' id='word_1_54' title='bbox 62 621 190 652; x_wconf 88' lang='lat' dir='ltr'>veam,</span> <span class='ocrx_word' id='word_1_55' title='bbox 217 607 322 657; x_wconf 87' lang='lat' dir='ltr'>quod</span> <span class='ocrx_word' id='word_1_56' title='bbox 349 620 465 644; x_wconf 89' lang='lat' dir='ltr'>nemo</span> <span class='ocrx_word' id='word_1_57' title='bbox 494 608 573 645; x_wconf 82' lang='lat' dir='ltr'>fere</span> <span class='ocrx_word' id='word_1_58' title='bbox 602 617 781 652; x_wconf 82' lang='lat' dir='ltr'>accurate</span> <span class='ocrx_word' id='word_1_59' title='bbox 810 611 970 644; x_wconf 85' lang='lat' dir='ltr'>sensisse</span> <span class='ocrx_word' id='word_1_60' title='bbox 997 606 1166 651; x_wconf 86' lang='lat' dir='ltr'>videtur,</span> <span class='ocrx_word' id='word_1_61' title='bbox 1195 621 1276 643; x_wconf 89' lang='lat' dir='ltr'>non</span> <span class='ocrx_word' id='word_1_62' title='bbox 1305 618 1396 644; x_wconf 91' lang='lat' dir='ltr'>sunt·</span> <span class='ocrx_word' id='word_1_63' title='bbox 1420 613 1522 645; x_wconf 88' lang='lat' dir='ltr'>inter</span> <span class='ocrx_word' id='word_1_64' title='bbox 1542 622 1583 646; x_wconf 86' lang='lat' dir='ltr'>se</span> 
     </span>
     <span class='ocr_line' id='line_1_9' title="bbox 63 663 1582 710; baseline 0 -13"><span class='ocrx_word' id='word_1_65' title='bbox 63 671 179 710; x_wconf 85' lang='lat' dir='ltr'>aptae</span> <span class='ocrx_word' id='word_1_66' title='bbox 207 670 247 696; x_wconf 91' lang='lat' dir='ltr'>et</span> <span class='ocrx_word' id='word_1_67' title='bbox 274 672 492 703; x_wconf 82' lang='lat' dir='ltr'>connexae,</span> <span class='ocrx_word' id='word_1_68' title='bbox 531 673 613 696; x_wconf 89' lang='lat' dir='ltr'>non</span> <span class='ocrx_word' id='word_1_69' title='bbox 641 672 793 704; x_wconf 87' lang='lat' dir='ltr'>omnes,</span> <span class='ocrx_word' id='word_1_70' title='bbox 831 663 1209 708; x_wconf 84' lang='lat' dir='ltr'>argumentationum</span> <span class='ocrx_word' id='word_1_71' title='bbox 1238 671 1275 696; x_wconf 89' lang='lat' dir='ltr'>et</span> <span class='ocrx_word' id='word_1_72' title='bbox 1305 665 1582 697; x_wconf 81' lang='lat' dir='ltr'>sententiarum</span> 
     </span>
     <span class='ocr_line' id='line_1_10' title="bbox 62 711 1579 761; baseline 0 -13"><span class='ocrx_word' id='word_1_73' title='bbox 62 715 188 749; x_wconf 81' lang='lat' dir='ltr'>nervis</span> <span class='ocrx_word' id='word_1_74' title='bbox 215 716 350 749; x_wconf 87' lang='lat' dir='ltr'>vinctis</span> <span class='ocrx_word' id='word_1_75' title='bbox 379 711 428 748; x_wconf 90' lang='lat' dir='ltr'>ad</span> <span class='ocrx_word' id='word_1_76' title='bbox 455 725 575 748; x_wconf 88' lang='lat' dir='ltr'>unum</span> <span class='ocrx_word' id='word_1_77' title='bbox 601 722 641 749; x_wconf 89' lang='lat' dir='ltr'>et</span> <span class='ocrx_word' id='word_1_78' title='bbox 669 722 892 749; x_wconf 86' lang='lat' dir='ltr'>accuratum</span> <span class='ocrx_word' id='word_1_79' title='bbox 919 715 1139 761; x_wconf 87' lang='lat' dir='ltr'>conspirare</span> <span class='ocrx_word' id='word_1_80' title='bbox 1151 712 1328 749; x_wconf 89' lang='lat' dir='ltr'>videntur</span> <span class='ocrx_word' id='word_1_81' title='bbox 1342 713 1579 749; x_wconf 88' lang='lat' dir='ltr'>demonstra-</span> 
     </span>
     <span class='ocr_line' id='line_1_11' title="bbox 63 767 1582 814; baseline 0.001 -14"><span class='ocrx_word' id='word_1_82' title='bbox 63 768 180 801; x_wconf 85' lang='lat' dir='ltr'>tionis</span> <span class='ocrx_word' id='word_1_83' title='bbox 214 768 375 806; x_wconf 83' lang='lat' dir='ltr'>exitum,</span> <span class='ocrx_word' id='word_1_84' title='bbox 420 776 548 812; x_wconf 88' lang='lat' dir='ltr'>neque</span> <span class='ocrx_word' id='word_1_85' title='bbox 581 769 659 800; x_wconf 87' lang='lat' dir='ltr'>vim</span> <span class='ocrx_word' id='word_1_86' title='bbox 691 774 732 801; x_wconf 87' lang='lat' dir='ltr'>et</span> <span class='ocrx_word' id='word_1_87' title='bbox 764 768 989 813; x_wconf 81' lang='lat' dir='ltr'>gravitatem</span> <span class='ocrx_word' id='word_1_88' title='bbox 1029 775 1340 812; x_wconf 81' lang='lat' dir='ltr'>argumentorum</span> <span class='ocrx_word' id='word_1_89' title='bbox 1374 767 1582 814; x_wconf 80' lang='lat' dir='ltr'>explanare</span> 
     </span>
     <span class='ocr_line' id='line_1_12' title="bbox 63 816 1582 865; baseline 0.001 -12"><span class='ocrx_word' id='word_1_90' title='bbox 63 826 148 853; x_wconf 85' lang='lat' dir='ltr'>arte</span> <span class='ocrx_word' id='word_1_91' title='bbox 174 816 463 859; x_wconf 76' lang='lat' dir='ltr'>collocationis,</span> <span class='ocrx_word' id='word_1_92' title='bbox 495 816 564 852; x_wconf 89' lang='lat' dir='ltr'>sed</span> <span class='ocrx_word' id='word_1_93' title='bbox 590 816 793 863; x_wconf 86' lang='lat' dir='ltr'>abruptae,</span> <span class='ocrx_word' id='word_1_94' title='bbox 826 825 971 853; x_wconf 88' lang='lat' dir='ltr'>temere</span> <span class='ocrx_word' id='word_1_95' title='bbox 998 826 1189 865; x_wconf 84' lang='lat' dir='ltr'>arreptae,</span> <span class='ocrx_word' id='word_1_96' title='bbox 1216 818 1365 864; x_wconf 82' lang='lat' dir='ltr'>longius</span> <span class='ocrx_word' id='word_1_97' title='bbox 1393 822 1582 865; x_wconf 87' lang='lat' dir='ltr'>repetitae</span> 
     </span>
     <span class='ocr_line' id='line_1_13' title="bbox 64 868 1582 916; baseline 0 -11"><span class='ocrx_word' id='word_1_98' title='bbox 64 878 105 905; x_wconf 82' lang='lat' dir='ltr'>et</span> <span class='ocrx_word' id='word_1_99' title='bbox 118 878 275 911; x_wconf 86' lang='lat' dir='ltr'>tractae,</span> <span class='ocrx_word' id='word_1_100' title='bbox 304 869 506 905; x_wconf 89' lang='lat' dir='ltr'>consilium</span> <span class='ocrx_word' id='word_1_101' title='bbox 533 868 793 916; x_wconf 74' lang='lat' dir='ltr'>explicatione</span> <span class='ocrx_word' id='word_1_102' title='bbox 820 868 1027 916; x_wconf 89' lang='lat' dir='ltr'>implicare,</span> <span class='ocrx_word' id='word_1_103' title='bbox 1054 869 1217 912; x_wconf 89' lang='lat' dir='ltr'>turbare,</span> <span class='ocrx_word' id='word_1_104' title='bbox 1246 869 1451 905; x_wconf 87' lang='lat' dir='ltr'>occultare.</span> <span class='ocrx_word' id='word_1_105' title='bbox 1480 871 1582 905; x_wconf 83' lang='lat' dir='ltr'>Nam</span> 
     </span>
     <span class='ocr_line' id='line_1_14' title="bbox 63 923 1583 968; baseline 0.001 -13"><span class='ocrx_word' id='word_1_106' title='bbox 63 923 201 955; x_wconf 85' lang='lat' dir='ltr'>mirum</span> <span class='ocrx_word' id='word_1_107' title='bbox 229 929 304 963; x_wconf 91' lang='lat' dir='ltr'>est,</span> <span class='ocrx_word' id='word_1_108' title='bbox 339 929 555 962; x_wconf 86' lang='lat' dir='ltr'>auctorem,</span> <span class='ocrx_word' id='word_1_109' title='bbox 595 923 678 968; x_wconf 90' lang='lat' dir='ltr'>ipsa</span> <span class='ocrx_word' id='word_1_110' title='bbox 704 923 930 967; x_wconf 85' lang='lat' dir='ltr'>quaestione</span> <span class='ocrx_word' id='word_1_111' title='bbox 958 932 1025 955; x_wconf 89' lang='lat' dir='ltr'>cur</span> <span class='ocrx_word' id='word_1_112' title='bbox 1051 925 1301 963; x_wconf 86' lang='lat' dir='ltr'>recentiores,</span> <span class='ocrx_word' id='word_1_113' title='bbox 1343 934 1431 955; x_wconf 89' lang='lat' dir='ltr'>cum</span> <span class='ocrx_word' id='word_1_114' title='bbox 1460 926 1583 968; x_wconf 86' lang='lat' dir='ltr'>prima</span> 
     </span>
     <span class='ocr_line' id='line_1_15' title="bbox 66 969 1581 1020; baseline 0.001 -14"><span class='ocrx_word' id='word_1_115' title='bbox 66 981 261 1007; x_wconf 87' lang='lat' dir='ltr'>oratorum</span> <span class='ocrx_word' id='word_1_116' title='bbox 291 971 420 1008; x_wconf 79' lang='lat' dir='ltr'>secula</span> <span class='ocrx_word' id='word_1_117' title='bbox 447 973 608 1019; x_wconf 76' lang='lat' dir='ltr'>ingeniis</span> <span class='ocrx_word' id='word_1_118' title='bbox 636 970 834 1019; x_wconf 79' lang='lat' dir='ltr'>gloriaque</span> <span class='ocrx_word' id='word_1_119' title='bbox 861 969 1106 1015; x_wconf 87' lang='lat' dir='ltr'>effloruerint,</span> <span class='ocrx_word' id='word_1_120' title='bbox 1135 976 1321 1020; x_wconf 87' lang='lat' dir='ltr'>optimam</span> <span class='ocrx_word' id='word_1_121' title='bbox 1337 973 1581 1019; x_wconf 85' lang='lat' dir='ltr'>eloquentiae</span> 
     </span>
    </p>
   </div>
   <div class='ocr_carea' id='block_1_3' title="bbox 57 1024 1580 1072">
    <p class='ocr_par' dir='ltr' id='par_1_3' title="bbox 13 1024 1580 1072">
     <span class='ocr_line' id='line_1_16' title="bbox 57 1024 1580 1072; baseline 0.001 -12.972"><span class='ocrx_word' id='word_1_122' title='bbox 57 1027 235 1071; x_wconf 57' lang='lat' dir='ltr'>*specieu</span> <span class='ocrx_word' id='word_1_123' title='bbox 261 1036 343 1059; x_wconf 87' lang='lat' dir='ltr'>non</span> <span class='ocrx_word' id='word_1_124' title='bbox 369 1024 554 1067; x_wconf 88' lang='lat' dir='ltr'>habeant,</span> <span class='ocrx_word' id='word_1_125' title='bbox 595 1027 836 1072; x_wconf 83' lang='lat' dir='ltr'>ingeniorum</span> <span class='ocrx_word' id='word_1_126' title='bbox 862 1027 1108 1072; x_wconf 86' lang='lat' dir='ltr'>antiquorum</span> <span class='ocrx_word' id='word_1_127' title='bbox 1134 1025 1254 1072; x_wconf 78' lang='lat' dir='ltr'>gloria</span> <span class='ocrx_word' id='word_1_128' title='bbox 1283 1037 1482 1066; x_wconf 85' lang='lat' dir='ltr'>concessa,</span> <span class='ocrx_word' id='word_1_129' title='bbox 1524 1034 1580 1060; x_wconf 91' lang='lat' dir='ltr'>ta-</span> 
     </span>
    </p>
   </div>
   <div class='ocr_carea' id='block_1_4' title="bbox 63 1071 1587 2059">
    <p class='ocr_par' dir='ltr' id='par_1_4' title="bbox 63 1071 1587 2059">
     <span class='ocr_line' id='line_1_17' title="bbox 63 1071 1582 1125; baseline 0.001 -14"><span class='ocrx_word' id='word_1_130' title='bbox 63 1087 166 1119; x_wconf 88' lang='lat' dir='ltr'>men,</span> <span class='ocrx_word' id='word_1_131' title='bbox 194 1074 519 1125; x_wconf 85' lang='lat' dir='ltr'>disputatiuncula</span> <span class='ocrx_word' id='word_1_132' title='bbox 546 1071 595 1120; x_wconf 83' lang='lat' dir='ltr'>de</span> <span class='ocrx_word' id='word_1_133' title='bbox 621 1080 855 1123; x_wconf 86' lang='lat' dir='ltr'>praestantia</span> <span class='ocrx_word' id='word_1_134' title='bbox 875 1089 1027 1122; x_wconf 79' lang='lat' dir='ltr'>poeseos,</span> <span class='ocrx_word' id='word_1_135' title='bbox 1054 1089 1076 1112; x_wconf 92' lang='lat' dir='ltr'>a</span> <span class='ocrx_word' id='word_1_136' title='bbox 1103 1080 1260 1112; x_wconf 88' lang='lat' dir='ltr'>materia</span> <span class='ocrx_word' id='word_1_137' title='bbox 1289 1077 1521 1113; x_wconf 87' lang='lat' dir='ltr'>abhorrente</span> <span class='ocrx_word' id='word_1_138' title='bbox 1543 1087 1582 1112; x_wconf 88' lang='lat' dir='ltr'>et</span> 
     </span>
     <span class='ocr_line' id='line_1_18' title="bbox 63 1127 1580 1177; baseline 0.001 -14.001"><span class='ocrx_word' id='word_1_139' title='bbox 63 1127 146 1163; x_wconf 83' lang='lat' dir='ltr'>fere</span> <span class='ocrx_word' id='word_1_140' title='bbox 173 1131 384 1170; x_wconf 80' lang='lat' dir='ltr'>contraria,</span> <span class='ocrx_word' id='word_1_141' title='bbox 416 1130 632 1175; x_wconf 86' lang='lat' dir='ltr'>praemissa,</span> <span class='ocrx_word' id='word_1_142' title='bbox 661 1129 844 1173; x_wconf 89' lang='lat' dir='ltr'>majorem</span> <span class='ocrx_word' id='word_1_143' title='bbox 872 1128 1037 1175; x_wconf 77' lang='lat' dir='ltr'>explere</span> <span class='ocrx_word' id='word_1_144' title='bbox 1054 1137 1203 1176; x_wconf 91' lang='lat' dir='ltr'>partem</span> <span class='ocrx_word' id='word_1_145' title='bbox 1232 1128 1373 1176; x_wconf 77' lang='lat' dir='ltr'>dialogi</span> <span class='ocrx_word' id='word_1_146' title='bbox 1390 1133 1580 1177; x_wconf 89' lang='lat' dir='ltr'>quaestio-</span> 
     </span>
     <span class='ocr_line' id='line_1_19' title="bbox 65 1179 1581 1227; baseline 0.001 -12"><span class='ocrx_word' id='word_1_147' title='bbox 65 1190 134 1222; x_wconf 90' lang='lat' dir='ltr'>ne,</span> <span class='ocrx_word' id='word_1_148' title='bbox 168 1191 218 1214; x_wconf 89' lang='lat' dir='ltr'>an</span> <span class='ocrx_word' id='word_1_149' title='bbox 245 1182 294 1213; x_wconf 86' lang='lat' dir='ltr'>sit</span> <span class='ocrx_word' id='word_1_150' title='bbox 319 1187 491 1214; x_wconf 86' lang='lat' dir='ltr'>veterum</span> <span class='ocrx_word' id='word_1_151' title='bbox 519 1179 741 1225; x_wconf 88' lang='lat' dir='ltr'>eloquentia</span> <span class='ocrx_word' id='word_1_152' title='bbox 767 1179 1028 1227; x_wconf 84' lang='lat' dir='ltr'>praeferenda.</span> <span class='ocrx_word' id='word_1_153' title='bbox 1083 1181 1194 1226; x_wconf 86' lang='lat' dir='ltr'>Quae</span> <span class='ocrx_word' id='word_1_154' title='bbox 1223 1185 1413 1227; x_wconf 87' lang='lat' dir='ltr'>quaestio,</span> <span class='ocrx_word' id='word_1_155' title='bbox 1449 1194 1471 1216; x_wconf 93' lang='lat' dir='ltr'>a</span> <span class='ocrx_word' id='word_1_156' title='bbox 1500 1182 1581 1218; x_wconf 85' lang='lat' dir='ltr'>sola</span> 
     </span>
     <span class='ocr_line' id='line_1_20' title="bbox 67 1228 1580 1278; baseline 0.001 -12"><span class='ocrx_word' id='word_1_157' title='bbox 67 1229 360 1269; x_wconf 85' lang='lat' dir='ltr'>contradicendi</span> <span class='ocrx_word' id='word_1_158' title='bbox 387 1229 598 1278; x_wconf 77' lang='lat' dir='ltr'>cupiditate</span> <span class='ocrx_word' id='word_1_159' title='bbox 626 1228 795 1265; x_wconf 90' lang='lat' dir='ltr'>derivata</span> <span class='ocrx_word' id='word_1_160' title='bbox 824 1240 930 1266; x_wconf 89' lang='lat' dir='ltr'>certo</span> <span class='ocrx_word' id='word_1_161' title='bbox 958 1230 1087 1277; x_wconf 83' lang='lat' dir='ltr'>judicii</span> <span class='ocrx_word' id='word_1_162' title='bbox 1116 1232 1289 1267; x_wconf 85' lang='lat' dir='ltr'>cancello</span> <span class='ocrx_word' id='word_1_163' title='bbox 1318 1245 1400 1266; x_wconf 89' lang='lat' dir='ltr'>non</span> <span class='ocrx_word' id='word_1_164' title='bbox 1421 1236 1580 1268; x_wconf 85' lang='lat' dir='ltr'>circum-</span> 
     </span>
     <span class='ocr_line' id='line_1_21' title="bbox 68 1281 1580 1330; baseline 0.001 -12"><span class='ocrx_word' id='word_1_165' title='bbox 68 1283 254 1326; x_wconf 82' lang='lat' dir='ltr'>scribitur,</span> <span class='ocrx_word' id='word_1_166' title='bbox 282 1286 371 1330; x_wconf 89' lang='lat' dir='ltr'>ipsis</span> <span class='ocrx_word' id='word_1_167' title='bbox 400 1281 681 1330; x_wconf 87' lang='lat' dir='ltr'>disputantibus</span> <span class='ocrx_word' id='word_1_168' title='bbox 708 1285 832 1319; x_wconf 83' lang='lat' dir='ltr'>inanis</span> <span class='ocrx_word' id='word_1_169' title='bbox 858 1286 947 1318; x_wconf 87' lang='lat' dir='ltr'>visa.</span> <span class='ocrx_word' id='word_1_170' title='bbox 1001 1284 1138 1330; x_wconf 88' lang='lat' dir='ltr'>Neque</span> <span class='ocrx_word' id='word_1_171' title='bbox 1157 1286 1278 1318; x_wconf 86' lang='lat' dir='ltr'>minus</span> <span class='ocrx_word' id='word_1_172' title='bbox 1294 1283 1464 1327; x_wconf 79' lang='lat' dir='ltr'>offendit,</span> <span class='ocrx_word' id='word_1_173' title='bbox 1493 1297 1580 1320; x_wconf 90' lang='lat' dir='ltr'>auc-</span> 
     </span>
     <span class='ocr_line' id='line_1_22' title="bbox 66 1333 1583 1383; baseline 0.001 -13"><span class='ocrx_word' id='word_1_174' title='bbox 66 1343 211 1378; x_wconf 83' lang='lat' dir='ltr'>torem,</span> <span class='ocrx_word' id='word_1_175' title='bbox 245 1346 335 1370; x_wconf 82' lang='lat' dir='ltr'>cum</span> <span class='ocrx_word' id='word_1_176' title='bbox 367 1334 511 1369; x_wconf 69' lang='lat' dir='ltr'>fractae</span> <span class='ocrx_word' id='word_1_177' title='bbox 546 1334 792 1383; x_wconf 89' lang='lat' dir='ltr'>eloquentiae</span> <span class='ocrx_word' id='word_1_178' title='bbox 824 1333 991 1378; x_wconf 78' lang='lat' dir='ltr'>caussas,</span> <span class='ocrx_word' id='word_1_179' title='bbox 1018 1334 1197 1382; x_wconf 89' lang='lat' dir='ltr'>prudenti</span> <span class='ocrx_word' id='word_1_180' title='bbox 1224 1344 1267 1370; x_wconf 91' lang='lat' dir='ltr'>ut</span> <span class='ocrx_word' id='word_1_181' title='bbox 1294 1340 1583 1382; x_wconf 80' lang='lat' dir='ltr'>exspectaveris,</span> 
     </span>
     <span class='ocr_line' id='line_1_23' title="bbox 66 1386 1583 1436; baseline 0.001 -15"><span class='ocrx_word' id='word_1_182' title='bbox 66 1396 287 1435; x_wconf 89' lang='lat' dir='ltr'>temporum</span> <span class='ocrx_word' id='word_1_183' title='bbox 315 1389 614 1429; x_wconf 82' lang='lat' dir='ltr'>existimatione,</span> <span class='ocrx_word' id='word_1_184' title='bbox 648 1386 879 1422; x_wconf 89' lang='lat' dir='ltr'>enarrandas</span> <span class='ocrx_word' id='word_1_185' title='bbox 908 1386 978 1422; x_wconf 88' lang='lat' dir='ltr'>sibi</span> <span class='ocrx_word' id='word_1_186' title='bbox 1004 1391 1264 1435; x_wconf 87' lang='lat' dir='ltr'>proposuerit,</span> <span class='ocrx_word' id='word_1_187' title='bbox 1293 1390 1463 1430; x_wconf 88' lang='lat' dir='ltr'>omnino,</span> <span class='ocrx_word' id='word_1_188' title='bbox 1491 1388 1583 1436; x_wconf 84' lang='lat' dir='ltr'>quid</span> 
     </span>
     <span class='ocr_line' id='line_1_24' title="bbox 68 1437 1584 1486; baseline 0.001 -13"><span class='ocrx_word' id='word_1_189' title='bbox 68 1437 118 1474; x_wconf 88' lang='lat' dir='ltr'>ad</span> <span class='ocrx_word' id='word_1_190' title='bbox 144 1438 459 1486; x_wconf 85' lang='lat' dir='ltr'>perfectissimum</span> <span class='ocrx_word' id='word_1_191' title='bbox 490 1447 695 1482; x_wconf 88' lang='lat' dir='ltr'>oratorem,</span> <span class='ocrx_word' id='word_1_192' title='bbox 720 1447 852 1474; x_wconf 88' lang='lat' dir='ltr'>mente</span> <span class='ocrx_word' id='word_1_193' title='bbox 880 1438 961 1473; x_wconf 88' lang='lat' dir='ltr'>sola</span> <span class='ocrx_word' id='word_1_194' title='bbox 987 1438 1244 1473; x_wconf 90' lang='lat' dir='ltr'>inchoandum</span> <span class='ocrx_word' id='word_1_195' title='bbox 1260 1448 1298 1473; x_wconf 90' lang='lat' dir='ltr'>et</span> <span class='ocrx_word' id='word_1_196' title='bbox 1313 1438 1584 1483; x_wconf 82' lang='lat' dir='ltr'>definiendum,</span> 
     </span>
     <span class='ocr_line' id='line_1_25' title="bbox 66 1484 1583 1539; baseline 0 -12"><span class='ocrx_word' id='word_1_197' title='bbox 66 1492 293 1539; x_wconf 74' lang='lat' dir='ltr'>requiratur,</span> <span class='ocrx_word' id='word_1_198' title='bbox 320 1489 517 1539; x_wconf 82' lang='lat' dir='ltr'>expedire,</span> <span class='ocrx_word' id='word_1_199' title='bbox 544 1494 771 1539; x_wconf 89' lang='lat' dir='ltr'>munerique</span> <span class='ocrx_word' id='word_1_200' title='bbox 798 1493 999 1538; x_wconf 88' lang='lat' dir='ltr'>antiquarii</span> <span class='ocrx_word' id='word_1_201' title='bbox 1026 1484 1332 1533; x_wconf 80' lang='lat' dir='ltr'>satisfacientem,</span> <span class='ocrx_word' id='word_1_202' title='bbox 1359 1499 1487 1525; x_wconf 87' lang='lat' dir='ltr'>totum</span> <span class='ocrx_word' id='word_1_203' title='bbox 1501 1503 1583 1527; x_wconf 85' lang='lat' dir='ltr'>esse</span> 
     </span>
     <span class='ocr_line' id='line_1_26' title="bbox 67 1542 1582 1591; baseline 0.001 -14"><span class='ocrx_word' id='word_1_204' title='bbox 67 1546 110 1578; x_wconf 87' lang='lat' dir='ltr'>in</span> <span class='ocrx_word' id='word_1_205' title='bbox 135 1542 329 1578; x_wconf 88' lang='lat' dir='ltr'>laudanda</span> <span class='ocrx_word' id='word_1_206' title='bbox 356 1546 586 1590; x_wconf 84' lang='lat' dir='ltr'>antiquitate</span> <span class='ocrx_word' id='word_1_207' title='bbox 615 1553 655 1578; x_wconf 90' lang='lat' dir='ltr'>et</span> <span class='ocrx_word' id='word_1_208' title='bbox 681 1542 989 1591; x_wconf 80' lang='lat' dir='ltr'>perstringendis,</span> <span class='ocrx_word' id='word_1_209' title='bbox 1016 1548 1097 1578; x_wconf 80' lang='lat' dir='ltr'>non</span> <span class='ocrx_word' id='word_1_210' title='bbox 1125 1542 1359 1590; x_wconf 85' lang='lat' dir='ltr'>explicandis</span> <span class='ocrx_word' id='word_1_211' title='bbox 1370 1546 1471 1578; x_wconf 89' lang='lat' dir='ltr'>vitiis</span> <span class='ocrx_word' id='word_1_212' title='bbox 1487 1553 1582 1579; x_wconf 87' lang='lat' dir='ltr'>tem-</span> 
     </span>
     <span class='ocr_line' id='line_1_27' title="bbox 67 1593 1585 1643; baseline 0.001 -14"><span class='ocrx_word' id='word_1_213' title='bbox 67 1596 183 1643; x_wconf 33' lang='lat' dir='ltr'>poris,</span> <span class='ocrx_word' id='word_1_214' title='bbox 200 1597 267 1631; x_wconf 84' lang='lat' dir='ltr'>sui.</span> <span class='ocrx_word' id='word_1_215' title='bbox 322 1593 399 1630; x_wconf 89' lang='lat' dir='ltr'>Sed</span> <span class='ocrx_word' id='word_1_216' title='bbox 424 1603 509 1630; x_wconf 91' lang='lat' dir='ltr'>tota</span> <span class='ocrx_word' id='word_1_217' title='bbox 530 1594 609 1630; x_wconf 85' lang='lat' dir='ltr'>fere</span> <span class='ocrx_word' id='word_1_218' title='bbox 624 1594 831 1643; x_wconf 88' lang='lat' dir='ltr'>disputatio</span> <span class='ocrx_word' id='word_1_219' title='bbox 847 1597 969 1629; x_wconf 91' lang='lat' dir='ltr'>inanis</span> <span class='ocrx_word' id='word_1_220' title='bbox 980 1593 1153 1629; x_wconf 89' lang='lat' dir='ltr'>videatur</span> <span class='ocrx_word' id='word_1_221' title='bbox 1167 1603 1204 1628; x_wconf 88' lang='lat' dir='ltr'>et</span> <span class='ocrx_word' id='word_1_222' title='bbox 1219 1595 1372 1636; x_wconf 88' lang='lat' dir='ltr'>inutilis,</span> <span class='ocrx_word' id='word_1_223' title='bbox 1400 1598 1487 1641; x_wconf 88' lang='lat' dir='ltr'>quia</span> <span class='ocrx_word' id='word_1_224' title='bbox 1502 1608 1585 1630; x_wconf 86' lang='lat' dir='ltr'>non</span> 
     </span>
     <span class='ocr_line' id='line_1_28' title="bbox 70 1644 1584 1695; baseline 0 -12"><span class='ocrx_word' id='word_1_225' title='bbox 70 1646 255 1687; x_wconf 73' lang='lat' dir='ltr'>docte—et</span> <span class='ocrx_word' id='word_1_226' title='bbox 282 1656 461 1686; x_wconf 85' lang='lat' dir='ltr'>accur-ate</span> <span class='ocrx_word' id='word_1_227' title='bbox 487 1651 542 1683; x_wconf 92' lang='lat' dir='ltr'>rei</span> <span class='ocrx_word' id='word_1_228' title='bbox 571 1659 755 1684; x_wconf 87' lang='lat' dir='ltr'>summam</span> <span class='ocrx_word' id='word_1_229' title='bbox 784 1650 942 1683; x_wconf 89' lang='lat' dir='ltr'>scientia</span> <span class='ocrx_word' id='word_1_230' title='bbox 971 1644 1264 1695; x_wconf 89' lang='lat' dir='ltr'>comprehendit</span> <span class='ocrx_word' id='word_1_231' title='bbox 1283 1655 1321 1681; x_wconf 87' lang='lat' dir='ltr'>et</span> <span class='ocrx_word' id='word_1_232' title='bbox 1336 1649 1584 1694; x_wconf 81' lang='lat' dir='ltr'>cogitatione,</span> 
     </span>
     <span class='ocr_line' id='line_1_29' title="bbox 71 1697 1584 1747; baseline 0.001 -14"><span class='ocrx_word' id='word_1_233' title='bbox 71 1697 139 1735; x_wconf 83' lang='lat' dir='ltr'>sed</span> <span class='ocrx_word' id='word_1_234' title='bbox 165 1698 258 1734; x_wconf 82' lang='lat' dir='ltr'>dum</span> <span class='ocrx_word' id='word_1_235' title='bbox 284 1702 444 1734; x_wconf 85' lang='lat' dir='ltr'>nomine</span> <span class='ocrx_word' id='word_1_236' title='bbox 470 1702 576 1747; x_wconf 88' lang='lat' dir='ltr'>capit</span> <span class='ocrx_word' id='word_1_237' title='bbox 607 1702 774 1735; x_wconf 89' lang='lat' dir='ltr'>virorum</span> <span class='ocrx_word' id='word_1_238' title='bbox 802 1698 1148 1740; x_wconf 87' lang='lat' dir='ltr'>disertissimorum,</span> <span class='ocrx_word' id='word_1_239' title='bbox 1189 1702 1370 1744; x_wconf 89' lang='lat' dir='ltr'>angustiis</span> <span class='ocrx_word' id='word_1_240' title='bbox 1399 1699 1584 1734; x_wconf 87' lang='lat' dir='ltr'>confabu-</span> 
     </span>
     <span class='ocr_line' id='line_1_30' title="bbox 70 1748 1584 1800; baseline -0.001 -14"><span class='ocrx_word' id='word_1_241' title='bbox 70 1749 225 1787; x_wconf 87' lang='lat' dir='ltr'>lationis</span> <span class='ocrx_word' id='word_1_242' title='bbox 260 1749 496 1788; x_wconf 81' lang='lat' dir='ltr'>domesticae</span> <span class='ocrx_word' id='word_1_243' title='bbox 528 1763 612 1787; x_wconf 90' lang='lat' dir='ltr'>non</span> <span class='ocrx_word' id='word_1_244' title='bbox 646 1754 848 1800; x_wconf 89' lang='lat' dir='ltr'>superatis,</span> <span class='ocrx_word' id='word_1_245' title='bbox 896 1748 1019 1786; x_wconf 85' lang='lat' dir='ltr'>studia</span> <span class='ocrx_word' id='word_1_246' title='bbox 1053 1752 1188 1785; x_wconf 90' lang='lat' dir='ltr'>aetatis</span> <span class='ocrx_word' id='word_1_247' title='bbox 1221 1748 1425 1795; x_wconf 87' lang='lat' dir='ltr'>judicanda</span> <span class='ocrx_word' id='word_1_248' title='bbox 1454 1754 1584 1785; x_wconf 90' lang='lat' dir='ltr'>animo</span> 
     </span>
     <span class='ocr_line' id='line_1_31' title="bbox 71 1802 1585 1852; baseline 0 -13"><span class='ocrx_word' id='word_1_249' title='bbox 71 1815 206 1840; x_wconf 82' lang='lat' dir='ltr'>eorum</span> <span class='ocrx_word' id='word_1_250' title='bbox 240 1804 408 1850; x_wconf 76' lang='lat' dir='ltr'>subjicit,</span> <span class='ocrx_word' id='word_1_251' title='bbox 445 1807 510 1852; x_wconf 89' lang='lat' dir='ltr'>qui</span> <span class='ocrx_word' id='word_1_252' title='bbox 544 1804 670 1840; x_wconf 84' lang='lat' dir='ltr'>subita</span> <span class='ocrx_word' id='word_1_253' title='bbox 696 1803 862 1852; x_wconf 88' lang='lat' dir='ltr'>quadam</span> <span class='ocrx_word' id='word_1_254' title='bbox 889 1806 1141 1839; x_wconf 90' lang='lat' dir='ltr'>contentione</span> <span class='ocrx_word' id='word_1_255' title='bbox 1175 1805 1348 1845; x_wconf 86' lang='lat' dir='ltr'>excitati,</span> <span class='ocrx_word' id='word_1_256' title='bbox 1384 1802 1585 1839; x_wconf 87' lang='lat' dir='ltr'>voluntate</span> 
     </span>
     <span class='ocr_line' id='line_1_32' title="bbox 72 1853 1586 1903; baseline 0 -13"><span class='ocrx_word' id='word_1_257' title='bbox 72 1853 196 1899; x_wconf 83' lang='lat' dir='ltr'>ducti,</span> <span class='ocrx_word' id='word_1_258' title='bbox 230 1854 371 1890; x_wconf 80' lang='lat' dir='ltr'>affectu</span> <span class='ocrx_word' id='word_1_259' title='bbox 397 1859 590 1903; x_wconf 90' lang='lat' dir='ltr'>praesenti</span> <span class='ocrx_word' id='word_1_260' title='bbox 616 1856 693 1890; x_wconf 89' lang='lat' dir='ltr'>huc</span> <span class='ocrx_word' id='word_1_261' title='bbox 719 1856 810 1890; x_wconf 90' lang='lat' dir='ltr'>illuc</span> <span class='ocrx_word' id='word_1_262' title='bbox 838 1858 1038 1903; x_wconf 80' lang='lat' dir='ltr'>agitantur.</span> <span class='ocrx_word' id='word_1_263' title='bbox 1060 1874 1119 1883; x_wconf 66' lang='grc' dir='ltr'>ν·-</span> <span class='ocrx_word' id='word_1_264' title='bbox 1171 1853 1245 1889; x_wconf 90' lang='lat' dir='ltr'>Sed</span> <span class='ocrx_word' id='word_1_265' title='bbox 1272 1866 1392 1889; x_wconf 81' lang='lat' dir='ltr'>nexus</span> <span class='ocrx_word' id='word_1_266' title='bbox 1419 1858 1586 1902; x_wconf 87' lang='lat' dir='ltr'>partium</span> 
     </span>
     <span class='ocr_line' id='line_1_33' title="bbox 74 1905 1587 1956; baseline -0.001 -13"><span class='ocrx_word' id='word_1_267' title='bbox 74 1910 259 1954; x_wconf 90' lang='lat' dir='ltr'>componi</span> <span class='ocrx_word' id='word_1_268' title='bbox 286 1915 434 1955; x_wconf 85' lang='lat' dir='ltr'>potest,</span> <span class='ocrx_word' id='word_1_269' title='bbox 462 1917 579 1956; x_wconf 89' lang='lat' dir='ltr'>atque</span> <span class='ocrx_word' id='word_1_270' title='bbox 605 1907 696 1943; x_wconf 90' lang='lat' dir='ltr'>hinc</span> <span class='ocrx_word' id='word_1_271' title='bbox 725 1907 927 1943; x_wconf 89' lang='lat' dir='ltr'>consilium</span> <span class='ocrx_word' id='word_1_272' title='bbox 954 1909 1119 1941; x_wconf 85' lang='lat' dir='ltr'>auctoris</span> <span class='ocrx_word' id='word_1_273' title='bbox 1134 1905 1310 1941; x_wconf 89' lang='lat' dir='ltr'>elucebit.</span> <span class='ocrx_word' id='word_1_274' title='bbox 1365 1907 1587 1942; x_wconf 86' lang='lat' dir='ltr'>Namvenit</span> 
     </span>
     <span class='ocr_line' id='line_1_34' title="bbox 73 1958 1586 2006; baseline -0.001 -12"><span class='ocrx_word' id='word_1_275' title='bbox 73 1959 187 2006; x_wconf 87' lang='lat' dir='ltr'>Aper,</span> <span class='ocrx_word' id='word_1_276' title='bbox 214 1958 421 1994; x_wconf 85' lang='lat' dir='ltr'>advocatus</span> <span class='ocrx_word' id='word_1_277' title='bbox 450 1959 498 1994; x_wconf 90' lang='lat' dir='ltr'>ad</span> <span class='ocrx_word' id='word_1_278' title='bbox 525 1961 755 1995; x_wconf 90' lang='lat' dir='ltr'>Maternum.</span> <span class='ocrx_word' id='word_1_279' title='bbox 811 1960 948 2005; x_wconf 86' lang='lat' dir='ltr'>Quem,</span> <span class='ocrx_word' id='word_1_280' title='bbox 977 1970 1063 1992; x_wconf 90' lang='lat' dir='ltr'>cum</span> <span class='ocrx_word' id='word_1_281' title='bbox 1092 1959 1232 1999; x_wconf 84' lang='lat' dir='ltr'>Catone,</span> <span class='ocrx_word' id='word_1_282' title='bbox 1260 1961 1420 2005; x_wconf 87' lang='lat' dir='ltr'>antiquo</span> <span class='ocrx_word' id='word_1_283' title='bbox 1435 1968 1586 2004; x_wconf 81' lang='lat' dir='ltr'>tragoe-</span> 
     </span>
     <span class='ocr_line' id='line_1_35' title="bbox 76 2009 1585 2059; baseline 0 -14"><span class='ocrx_word' id='word_1_284' title='bbox 76 2009 138 2046; x_wconf 88' lang='lat' dir='ltr'>dia</span> <span class='ocrx_word' id='word_1_285' title='bbox 166 2020 409 2058; x_wconf 84' lang='lat' dir='ltr'>argumento,</span> <span class='ocrx_word' id='word_1_286' title='bbox 450 2015 662 2047; x_wconf 87' lang='lat' dir='ltr'>accuratius</span> <span class='ocrx_word' id='word_1_287' title='bbox 691 2010 886 2059; x_wconf 89' lang='lat' dir='ltr'>quondam</span> <span class='ocrx_word' id='word_1_288' title='bbox 912 2013 1091 2052; x_wconf 88' lang='lat' dir='ltr'>recitato,</span> <span class='ocrx_word' id='word_1_289' title='bbox 1131 2019 1317 2056; x_wconf 88' lang='lat' dir='ltr'>tanquam</span> <span class='ocrx_word' id='word_1_290' title='bbox 1350 2013 1406 2046; x_wconf 87' lang='lat' dir='ltr'>sui</span> <span class='ocrx_word' id='word_1_291' title='bbox 1435 2010 1585 2053; x_wconf 78' lang='lat' dir='ltr'>oblitus,</span> 
     </span>
    </p>
   </div>
  </div>
 </body>
</html>
