1843 2527
679 215 732 228 ..a-
826 198 848 236 5
942 218 995 229 ...-

75 299 192 339 dendi
219 306 259 338 in
279 306 514 365 scriptorem
541 311 692 339 tantum
721 312 945 339 convertere
979 305 1099 352 possit
1127 300 1322 345 invidiam,
1362 305 1447 340 vivo
1477 309 1592 342 etiam

74 358 216 398 amico,
246 359 326 404 qui·
339 356 388 391 ob
417 359 574 391 nimiam
602 349 695 392 olim
722 357 876 404 linguae
903 359 1190 405 procacitatem-
1208 359 1425 404 potentium
1442 362 1590 394 animos

75 407 242 443 offensos
271 408 340 444 sibi
366 408 609 462 reddfflisset,
650 422 790 444 novam
818 418 964 445 temere
992 408 1220 444 contrahere
1248 407 1438 444 invidiam.
1493 411 1591 458 Quis

74 463 233 495 omnino
261 464 519 508 praesentium
548 460 947 508 exemplorudeum
975 464 1110 508 privati
1140 473 1220 496 esse
1248 461 1399 503 volunt,
1430 461 1519 496 dum
1548 467 1589 506 is,

73 514 139 559 qui
159 510 304 554 ⁷librum
332 516 489 560 accipit,
518 515 620 560 ipsos
648 525 714 548 eos
743 512 847 548 adire
874 515 1011 561 possit,
1039 515 1171 554 vitam,
1205 524 1329 547 mores
1358 522 1397 548 et
1426 513 1591 548 formam

73 566 191 599 animi
226 573 264 599 et
299 567 458 611 ingenii,
499 576 521 599 a
555 565 673 612 longo
708 563 876 612 quodam
908 573 1087 612 repetens
1122 573 1297 612 tempore
1331 564 1487 612 publico
1516 568 1590 601 nisi

50 619 221 662 -gravior
255 615 437 663 efflagitat
466 620 735 663 opportunitas
764 620 982 664 exposuerit
1008 615 1181 661 judicio?
1236 616 1308 651 Sed
1338 626 1442 652 extat
1470 621 1589 654 etiam

73 667 194 709 locus,
222 671 286 714 qui
315 668 363 702 ad
392 676 556 703 mortem
583 670 763 710 Materni,
791 680 890 716 quae
918 677 1016 703 teste
1031 669 1159 702 Dione
1176 668 1303 702 Cassio
1319 668 1355 709 ²²¹²²)
1385 668 1586 704 crudelita-

64 727 110 756 ,te
125 719 339 755 Domitiani
364 718 518 768 accidit,
546 720 650 755 velut
678 719 798 768 digito
826 719 1028 755 intendere
1056 718 1247 754 videturn-
1268 721 1365 754 Nam
1389 732 1471 767 cap.
1487 722 1585 757 XIII.

70 770 162 806 dicit
190 772 404 808 Maternus:
433 783 530 815 „nec
557 775 725 808 incertus
754 772 880 815 futuri,
907 781 1179 808 testamentnm
1209 784 1278 820 pro
1307 775 1468 820 pignore
1497 776 1586 809 scri-

70 822 199 864 ‚,bam,
240 835 314 857 nec
347 824 433 871 plus
460 824 641 866 habeam,
683 836 798 871 quam
825 824 931 871 quod
958 828 1099 872 possim
1128 828 1189 858 cui
1216 826 1330 859 veIim
1358 825 1586 872 relinquere,

68 876 362 922 „quandocunque
378 877 506 922 fatalis
541 885 574 910 et
608 888 701 918 meus
737 877 808 910 dies
844 878 988 918 eveniet,
1037 884 1255 923 statuarque
1290 876 1455 918 tumulo,
1503 889 1586 911 non

68 935 260 969 „moestus
289 935 327 963 et
356 936 483 970 atrox,
527 926 595 963 sed
620 928 748 963 hilaris
767 937 807 963 et
835 937 1058 970 coronatus,
1099 940 1172 963 nec
1200 940 1270 975 pro
1299 931 1482 962 memoria
1510 932 1585 963 mei

67 990 140 1014 nec
170 979 345 1014 consulat
374 983 585 1028 quisquam,
613 992 686 1016 nec
714 982 857 1028 roget,“
885 982 1027 1017 Verum
1054 989 1229 1028 tempore
1245 981 1476 1027 Vespasiani,
1506 992 1583 1027 quo

68 1028 239 1078 dialogus
277 1041 333 1067 est
358 1032 530 1074 habitus,
572 1045 659 1067 cum
687 1045 803 1069 nemo
832 1045 1001 1080 unquam
1028 1031 1307 1080 cogeretur,**)
1350 1041 1391 1066 ut
1419 1036 1583 1080 poeticis

67 1086 166 1118 curis
191 1092 231 1119 et
259 1085 556 1131 cogitationibus
585 1088 754 1121 animum
782 1097 804 1121 a
831 1085 942 1120 rebus
969 1084 1130 1132 publicis
1158 1083 1357 1119 avocando
1383 1093 1585 1119 cruentam

70 1134 253 1182 effugeret
283 1140 555 1183 suspicionem:
582 1136 697 1172 verba
724 1137 800 1181 illa,
829 1137 979 1172 fortiter
1006 1147 1097 1171 sane
1114 1148 1245 1183 expres
1233 1147 1301 1177 sa,
1329 1144 1367 1170 et
1381 1136 1429 1170 ab
1450 1145 1583 1171 aueto-

65 1198 108 1222 re
136 1187 220 1223 solo
249 1187 441 1236 profecta,
483 1187 532 1223 ad
559 1188 824 1223 Domitianum
852 1196 1047 1242 spectant,
1088 1186 1286 1222 hominem
1314 1188 1513 1222 virtutibus
1542 1196 1583 1236 et

44 1243 172 1275 -omni
200 1240 443 1288 publicorum
471 1243 694 1275 meritorum
721 1243 851 1287 generi
878 1240 1078 1275 infensum.
1133 1239 1190 1273 Ab
1220 1238 1309 1274 odio
1339 1243 1440 1274 enim
1457 1243 1581 1275 minus

66 1291 135 1326 sibi
164 1301 317 1339 poterat
345 1301 560 1340 temperare
588 1302 734 1334 auctor,
762 1300 804 1326 ut
831 1304 913 1326 non
935 1290 984 1326 ad
997 1290 1254 1326 crudelissima
1269 1303 1454 1338 quaeque,
1483 1303 1581 1339 quae

22 1340 27 1342 v
67 1352 199 1382 orator
225 1356 393 1391 unquam
422 1344 535 1379 fuerit
563 1352 760 1391 expertus,
801 1346 841 1378 in
868 1355 949 1379 rem
977 1354 1082 1378 suam
1108 1341 1307 1378 alluderet.
1362 1344 1462 1377 Nam
1491 1355 1582 1379 cum

66 1406 194 1431 caram
221 1399 289 1431 viri
316 1395 566 1436 dissertissimi
594 1398 739 1431 excitet
765 1398 1020 1437 memoriam„
1046 1394 1238 1442 finemque
1265 1406 1446 1441 poeseOS,
1475 1398 1581 1441 cujus

66 1445 115 1483 de
148 1441 382 1495 praestantia
416 1447 651 1495 disputatum
679 1455 778 1490 erat,
821 1450 1065 1482 securitatem
1094 1449 1302 1480 constituat
1328 1454 1368 1480 et
1396 1446 1582 1494 tranquil·

64 1498 144 1536 lum
180 1513 288 1535 usum
322 1503 439 1542 vitae,
480 1502 545 1548 qui
579 1497 837 1535 sollicitudine
872 1501 1120 1546 interruptus,
1162 1497 1302 1538 forensi
1335 1497 1514 1534 molestia
1541 1506 1584 1535 et

67 1563 158 1586 cura
184 1565 310 1589 rerum
334 1553 574 1600 publicarum
609 1551 657 1587 ad
685 1561 848 1599 mortem
876 1550 1008 1593 ducat,
1050 1559 1088 1585 et
1117 1547 1165 1584 ad
1193 1553 1427 1585 anxietatem
1454 1550 1582 1587 hsno-

64 1603 226 1639 randae
235 1607 458 1640 memoriae:
500 1616 548 1639 eo
577 1605 721 1650 majore
749 1602 921 1651 pondere
948 1595 1285 1637 demonstrationis
1311 1602 1420 1636 Justo
1449 1602 1580 1646 Fabio,

66 1656 293 1704 singularem
321 1656 426 1693 illam
452 1659 535 1704 ipso
564 1659 776 1692 tristissimo
806 1654 982 1703 exemplo
1011 1653 1213 1702 probatam
1242 1656 1489 1697 seutentiam,
1530 1654 1579 1691 de

45 1705 281 1744 humilitate
308 1708 565 1756 eloquentiae,
592 1711 682 1743 artis
710 1710 816 1755 quasi
843 1708 1113 1753 sanguinantiS,
1140 1714 1180 1741 et
1208 1704 1468 1752 magnitudine
1483 1719 1578 1753 poe·

65 1763 131 1796 tici
159 1759 291 1804 studii,
330 1764 370 1797 et
397 1759 512 1796 divini
540 1768 580 1795 et
607 1763 746 1802 securi,
779 1758 1006 1808 persuadere
1033 1766 1173 1806 potest.
1227 1759 1362 1805 Neque
1388 1761 1580 1794 minorem

114 1907 148 1959 >l)
177 1917 238 1957 67,
271 1918 329 1952 12.
356 1912 558 1957 Μάτερνον
582 1912 622 1950 δὲ
649 1915 816 1962 σοφισήν,
845 1912 903 1951 ὅτι
928 1913 1026 1950 κατὰ
1052 1912 1254 1957 τυράννων
1279 1909 1356 1949 &vrb
1375 1922 1410 1947 τι
1434 1912 1577 1956 ἀσκῶν,

197 1965 396 2004 ἀπέκτεινε.
1181 1993 1195 2008 .

105 2037 144 2069 ue)
162 2036 266 2063 bunun
286 2040 395 2073 Vespas.
415 2036 480 2072 cap.
504 2039 544 2064 13.
565 2035 631 2070 cap.
653 2039 694 2063 15.
