1843 2527
715 248 769 256 ..-
864 231 886 263 3
981 246 1036 254 -.

116 339 274 374 Catonis
301 345 453 383 gravem
481 337 617 382 egisset
643 343 850 380 personam
875 335 1026 368 animos
1053 335 1273 380 potentium
1300 331 1520 377 offenderit,
1570 330 1633 369 ad-

116 391 292 425 hortatur
329 391 468 428 amice,
507 397 557 420 ne
586 384 748 419 consilio
777 393 858 419 tam
884 387 981 419 miro
1009 385 1215 431 periculosi
1245 394 1284 420 et
1312 383 1635 421 lubricitineundi

117 443 280 483 itineris,
309 450 421 475 omne
449 446 600 484 tempus
629 435 835 482 majoribus
863 438 1030 471 muneris
1059 433 1193 472 officiis
1222 435 1510 481 destinandum,
1536 436 1635 473 fictis

114 492 253 541 perdat
281 492 560 527 controversiis.
614 490 734 536 Igitur
761 487 854 524 dum
883 488 1007 524 solam-
1032 497 1184 537 spectat
1211 488 1519 534 familiaritatem,
1546 491 1634 538 pru-

114 544 324 590 denterque
353 545 518 576 amicum
546 552 707 577 monere
732 541 855 576 voluit
882 552 905 575 a
931 543 1087 588 poetica
1113 541 1227 577 rebus
1256 545 1296 576 in
1322 541 1485 590 publicis
1500 553 1635 588 geren-

115 596 171 632 dis
197 596 370 636 licentia,
404 593 725 641 aberrantemque
751 603 934 629 revocare
962 591 1012 628 ad
1036 591 1163 628 studia
1191 593 1320 636 solita,
1348 605 1447 641 quae
1474 593 1638 641 largiore

114 650 255 695 ingenii
285 648 369 693 'ejus
404 644 510 694 quod
544 645 594 681 ad
628 645 749 681 solam
765 686 767 688 v
783 644 882 681 ferat
916 644 1178 693 eloquentiam
1207 644 1411 682 exercendi
1438 645 1640 697 famaeque

114 698 383 735 conciliandae
410 701 570 734 materia
599 701 785 747 exposita,
811 710 894 734 non
922 700 1002 734 sine
1025 697 1167 734 damno
1189 701 1376 735 omiserit:
1404 701 1523 735 totius
1544 709 1639 747 poe-

113 764 199 787 seos
227 751 454 798 dignitatem
481 762 610 798 neque
636 750 721 799 vult
746 749 976 793 diminuere,
1003 761 1132 799 neque
1159 750 1392 787 scholastica
1418 754 1638 787 contentio-

112 816 164 839 ne
192 803 338 838 fabulas
368 814 571 838 conserere
599 811 639 838 et
665 793 804 838 theses.
860 801 937 838 Sed
965 805 1094 837 statim
1108 803 1310 838 Maternus
1333 802 1382 838 ad
1396 806 1559 839 universi
1575 815 1639 852 ge-

113 858 214 891 neris
249 858 518 902 quaestionem
552 865 575 889 a
608 866 672 890 re
685 857 859 902 propria,
900 853 1018 889 docta
1045 850 1110 889 de
1121 858 1357 902 praestantia
1391 855 1639 903 eloquentiae

114 915 154 942 et
181 918 345 954 poeseos
374 905 654 954 disputatione,
682 915 725 939 ut
751 904 882 951 judicii
909 907 1095 952 gravitate
1121 905 1167 940 lis
1194 906 1259 941 illa
1287 905 1503 952 dirimatur,
1531 916 1640 943 mota

113 961 261 994 transit.
318 958 446 1005 Quam
474 960 742 1005 quaestionem
761 956 875 1005 Aper,
902 968 974 1004 pro
1003 968 1070 992 sua
1096 965 1217 1004 parte,
1245 969 1335 993 cum
1361 957 1640 1003 vehementior,

113 1014 228 1058 inops
256 1009 486 1058 prudentiae
514 1008 744 1058 disputandi,
772 1007 984 1057 cupiditate
1006 1008 1208 1045 refellendi
1236 1007 1388 1053 ductus,
1412 1010 1558 1047 litteras
1572 1023 1640 1047 ne-

113 1063 278 1109 gligens,
320 1066 459 1098 invitus
487 1062 567 1098 fere
595 1074 691 1110 quos
720 1070 972 1098 contemnere
1006 1060 1088 1103 vult
1116 1064 1295 1109 antiquos
1324 1067 1540 1111 exprimnns
1567 1063 1638 1099 fin-

114 1124 235 1163 gatur,
264 1118 316 1149 ita
345 1113 502 1163 quidem
529 1117 683 1162 excipit,
710 1122 755 1149 ut
783 1114 954 1149 Ciceronis
980 1114 1080 1149 verba
1095 1114 1408 1151 circumscribens
1421 1115 1455 1159 ³)
1484 1127 1640 1152 omnem

115 1170 207 1202 artis
235 1166 479 1215 dignitatem,
508 1165 558 1201 ad
586 1164 792 1211 commoda
821 1168 931 1208 vitae,
957 1164 1008 1201 ad
1022 1168 1278 1209 securitatem,
1307 1179 1412 1215 opes,
1437 1167 1641 1204 leviorum-

115 1231 192 1266 que
218 1218 477 1265 jucunditates
511 1217 718 1253 affectuum
752 1220 975 1265 restringat,
1016 1217 1152 1265 quibus
1180 1216 1389 1254 advocatus
1417 1218 1508 1255 dum
1536 1220 1637 1255 solus

114 1274 155 1305 in
184 1279 302 1305 coetu
328 1270 531 1305 hominum
559 1278 650 1312 stat,
684 1267 882 1305 afficiatur.
938 1267 1013 1305 Sed
1041 1272 1136 1304 mira
1164 1269 1392 1309 confusione
1419 1274 1473 1306 ita
1499 1271 1639 1308 labitur

114 1323 219 1371 Aper
246 1331 285 1358 et
314 1322 518 1358 consilium
539 1333 656 1357 suum
684 1324 765 1369 ipse
793 1319 940 1369 perdit,
980 1329 1025 1356 ut
1050 1322 1178 1369 poesi,
1219 1333 1301 1356 non
1328 1325 1452 1358 minus
1480 1322 1638 1361 indocte

117 1386 226 1417 sane,
254 1387 324 1421 pro
355 1376 551 1421 operario,
581 1374 697 1408 solius
725 1376 940 1408 recitatoris
968 1372 1224 1408 incommodis
1252 1378 1436 1410 enarratis
1456 1375 1641 1419 vexanda,

117 1427 338 1461 Maternum
374 1436 462 1459 cum
495 1436 677 1460 revocare
710 1424 892 1460 voluerit:
934 1423 1002 1459 sub
1030 1424 1148 1460 finem
1176 1428 1361 1460 orationis
1389 1437 1552 1474 poeseos
1581 1439 1639 1463 ar-

118 1486 198 1512 tem
225 1475 539 1524 postponendam
567 1476 814 1523 eloquentiae
842 1489 934 1519 non,
953 1487 1035 1511 esse
1062 1479 1265 1520 existimet,
1292 1486 1420 1525 atque,
1449 1478 1555 1526 quod
1582 1481 1638 1525 ju·

119 1527 220 1563 dicio
256 1531 420 1575 primum
455 1526 675 1575 eligendum
708 1526 926 1570 videbatur,
968 1526 1017 1562 ad
1051 1528 1248 1563 arbitrium
1275 1532 1418 1576 ingenii
1446 1529 1638 1568 detrudat.

118 1580 218 1614 Tum
231 1581 430 1615 Maternus
458 1592 505 1616 eo
534 1579 718 1615 illustrior
745 1591 822 1628 quo
851 1582 970 1627 magis
984 1580 1088 1627 Aper
1115 1591 1196 1615 sese
1224 1583 1305 1629 ipse
1333 1581 1516 1629 implicat,
1545 1594 1637 1619 con-

118 1640 178 1667 tra
213 1630 478 1669 defensionem
512 1629 658 1668 sordis
666 1631 787 1668 ubivis
820 1634 1051 1681 praesentis,
1092 1641 1208 1681 atque
1242 1633 1428 1670 scelestis
1442 1636 1654 1685 exemplis,

119 1686 225 1732 Eprii
259 1685 433 1719 Marcelli
468 1693 507 1719 et
535 1685 635 1720 Vibii
664 1685 783 1733 Crispi
811 1684 1095 1729 confirmatam,
1135 1686 1238 1721 laeta
1270 1687 1405 1735 Vagati
1428 1686 1639 1752 decerpens

119 1737 250 1779 verba,
279 1739 524 1772 sanctitatem
550 1748 714 1784 poeseos
742 1748 790 1772 ex
816 1739 907 1785 ipsis
935 1739 1024 1773 artis
1051 1737 1323 1786 penetralibus,
1351 1752 1420 1776 suo
1448 1744 1565 1777 animi
1581 1743 1639 1788 ju-

120 1787 236 1830 dicio,
264 1791 338 1823 suis
367 1788 576 1832 affectibus,
611 1788 796 1826 extollere
823 1797 964 1837 potest,
992 1801 1090 1852 quae
1117 1791 1291 1827 Deorum
1319 1789 1639 1830 consuetudinem

114 1838 164 1875 h
162 1840 338 1875 minibus
372 1840 537 1882 deferat,
585 1837 633 1876 ad
668 1841 868 1888 Olympias
903 1842 1033 1889 epulas
1069 1844 1225 1885 invitet,
1281 1846 1465 1891 majorem
1497 1846 1639 1882 famam

118 1892 320 1935 conciliet,
360 1895 565 1927 maximam
608 1895 778 1941 quietem
818 1901 856 1928 et
897 1896 1141 1931 securitatem
1185 1893 1342 1933 adferat.
1368 1915 1424 1922 —
1482 1895 1549 1935 Et
1571 1910 1638 1934 vo-

155 2060 185 2095 ÷)
205 2062 246 2089 De
268 2062 334 2089 crat
352 2062 373 2089 1.
395 2065 418 2092 ε.
