1843 2527
85 757 300 836 Dialogus
328 789 372 823 de
397 782 588 823 oratoribus
616 789 733 830 claris,
761 799 845 830 seu,
872 796 915 823 ut
942 790 1037 823 mira
1063 786 1296 832 diversitate,
1325 799 1412 823 cum
1440 786 1489 823 de
1504 798 1597 822 con-

86 842 170 876 silio
198 841 284 876 libri
301 838 531 880 definiendo
561 839 654 874 olim
681 839 873 875 laborasse
900 839 1111 882 videantur,
1138 843 1194 888 iq,
1205 842 1432 877 Mss.Vatic.
1461 842 1504 875 de
1518 853 1596 875 ora-

64 894 230 935 toribus,
265 904 287 927 e
314 892 528 927 Puteolano
557 900 596 926 et
623 890 829 926 Beroaldo:
864 905 910 926 αη
936 894 992 926 sui
1014 894 1145 926 saeculi
1170 903 1322 927 oratores
1349 893 1599 939 antiquioribus

86 955 120 980 et
146 957 251 993 quare
277 945 477 986 concedant,
505 952 545 979 et
572 942 675 992 apud
700 946 945 986 recentiores,
971 944 1089 992 Lipsii
1115 947 1184 979 viri
1211 948 1338 992 magni
1366 946 1598 980 auctoritate

86 1000 129 1033 de
162 999 288 1032 caussis
320 1006 500 1042 corruptae
527 997 755 1043 eloquentiae,
774 999 913 1031 ‘minus
947 1005 1127 1033 accurate
1162 998 1395 1032 inscribitur:
1437 996 1596 1032 celebri·

84 1052 173 1084 tatis
199 1060 345 1098 nomen
373 1046 567 1095 quoddam
593 1047 712 1083 habet
739 1059 762 1083 a
787 1051 873 1083 viris
902 1051 1053 1090 criticis,
1080 1052 1147 1096 qui
1173 1052 1213 1083 in
1241 1049 1423 1084 solvenda
1444 1048 1492 1084 de
1507 1060 1597 1083 auc-

83 1110 170 1136 tore
196 1100 283 1135 libri
308 1101 509 1148 proposita
536 1102 778 1147 quaestione,
804 1102 847 1134 in
872 1108 1000 1147 partes
1026 1100 1163 1142 Taciti,
1190 1104 1384 1148 scriptoris
1400 1102 1598 1147 sapientis-

84 1156 167 1188 simi
196 1161 235 1187 et
261 1154 466 1199 gravissimi
493 1153 691 1186 sententiis
719 1154 794 1186 suis
819 1150 895 1186 fide
923 1150 1042 1197 adjuti
1070 1150 1257 1187 Codicum
1284 1151 1497 1188 discedunt.
1549 1151 1601 1186 Et

84 1201 244 1252 qmnino
272 1212 405 1238 tantae
432 1203 750 1238 circumferuntur
775 1202 861 1238 libri
886 1202 1037 1245 laudes,
1070 1212 1219 1238 tantam
1245 1203 1376 1250 judicii
1402 1206 1601 1239 maturita-

82 1266 163 1301 tem
197 1254 548 1299 auctori4videmus
583 1252 765 1299 adtribui,
806 1266 891 1292 eam
925 1258 960 1290 ei
994 1254 1182 1303 adsignari
1217 1259 1458 1304 gravitatem,
1492 1258 1598 1303 inge—

63 1312 191 1344 vnium·
218 1317 258 1344 et
284 1308 596 1354 intelligentiam,
624 1307 743 1342 talem
769 1308 850 1353 ejus
876 1307 1030 1355 probari
1057 1307 1337 1354 jucunditatem
1363 1312 1404 1343 in
1433 1307 1600 1344 scriben-

84 1360 134 1397 do
163 1369 204 1397 et
232 1362 416 1409 orationis
443 1358 775 1407 floremscopiam
802 1368 842 1393 et
868 1362 1109 1402 varietatem,
1137 1360 1290 1408 qualem
1319 1363 1478 1395 omnino
1508 1371 1598 1394 auc—

82 1416 176 1449 toris
204 1412 371 1448 melioris
398 1420 516 1446 notae
541 1413 623 1457 jure
651 1413 921 1446 existimaveris
948 1414 1154 1459 propriam.
1209 1410 1285 1448 Sed
1300 1411 1391 1448 dum
1409 1415 1478 1447 viri
1492 1411 1599 1448 docti

85 1466 175 1502 solis
201 1465 281 1501 fere
308 1468 348 1499 in
375 1462 549 1500 laudibus
578 1466 805 1506 consistunt,
833 1475 920 1498 cum
948 1467 1185 1511 antiquitatis
1214 1463 1444 1500 desiderium
1465 1473 1504 1500 et
1520 1474 1598 1500 stu·

84 1518 207 1561 dium,
240 1517 386 1552 saeculi
408 1515 932 1564 acerbamgvituperationem
959 1524 998 1550 et
1024 1515 1233 1559 fastidium,
1266 1525 1382 1564 atque
1410 1528 1599 1552 summam

83 1564 189 1606 illam
216 1576 330 1618 quam
342 1565 467 1603 Taciti
494 1576 668 1603 statuunt
695 1567 997 1616 indignationem
1024 1576 1091 1603 aut
1118 1572 1276 1604 omnino
1304 1568 1598 1616 hominis'sapi·

85 1625 286 1666 entissimi‚
310 1623 392 1658 'aut
423 1619 593 1667 ejusdem
622 1633 704 1656 esse
730 1623 846 1655 animi
872 1623 999 1668 magni
1032 1629 1072 1656 et
1098 1623 1240 1669 ingenii
1267 1624 1377 1657 unius
1404 1624 1595 1657 existima·

84 1678 178 1718 rint,
204 1678 488 1717 nitoremwero
518 1682 557 1708 et
585 1673 735 1709 colores
763 1676 964 1715 orationis,
998 1682 1198 1709 senectute
1225 1672 1397 1715 admota,
1431 1677 1472 1708 in
1501 1685 1594 1708 con·

87 1721 219 1763 cisuni‘
238 1735 286 1763 etv
311 1737 483 1762 severum
517 1725 653 1776 abiisse
687 1727 940 1761 Historiarum
974 1734 1014 1760 et
1038 1725 1245 1761 Annalium
1277 1723 1431 1761 dicendi
1458 1737 1594 1773 genus:

86 1788 265 1815 accurata
298 1774 487 1825 inspectio
526 1777 646 1814 libelli
680 1787 721 1813 et
760 1781 994 1825 argumenti,
1040 1788 1085 1813 ut
1117 1778 1209 1813 mihi
1242 1777 1396 1826 quidem
1426 1775 1595 1821 videtur,

84 1831 258 1868 nondum
286 1830 409 1866 subiit.
463 1831 562 1865 Nam
590 1841 662 1871 me,
689 1829 823 1865 relicta
850 1842 896 1865 ea
924 1833 1091 1873 materia,
1120 1842 1236 1878 quum
1263 1834 1399 1865 iterata
1425 1829 1595 1865 lectione

87 1887 351 1931 quaestionem
380 1882 426 1918 de
455 1885 594 1918 caussis
622 1883 765 1918 fractae
794 1882 1038 1930 eloquentiae
1065 1886 1302 1931 propositam
1330 1894 1417 1918 cum
1443 1883 1594 1917 ratione

88 1936 227 1982 dialogi
256 1945 370 1983 atque
399 1935 519 1970 forma
548 1938 690 1982 ingenii
718 1943 758 1969 et
785 1938 901 1969 animi
929 1934 1202 1982 disputantium
1218 1947 1508 1983 comparassem,
1535 1946 1594 1969 ar·

87 1991 333 2037 gumentique
369 1991 591 2036 gravitatem
619 1990 658 2022 in
686 1996 862 2023 naturam
891 1987 1007 2023 seculi
1035 1986 1343 2035 cognoscendam
1370 1985 1593 2035 perpendis-

87 2054 190 2077 sem:
231 2041 350 2076 multa
378 2053 486 2085 sane,
526 2040 658 2076 colore
687 2050 725 2076 et
753 2044 880 2090 specie
908 2039 1207 2089 descriptionum
1233 2039 1282 2077 ad
1310 2040 1593 2089 simplicitatem
