1843 2527
1115 75 1167 122 Q

866 228 1184 260 ...4-

267 330 511 391 cogitationis
539 326 712 370 redacta,
754 325 1021 371 offendebant,
1064 340 1162 376 quae
1190 340 1272 364 non
1301 328 1424 367 solum
1453 341 1475 366 a
1501 328 1635 377 grandi
1663 329 1791 365 Taciti

263 385 418 430 ingenio
448 381 563 429 plane
591 380 730 421 aliena,
768 389 805 414 et
834 384 1038 428 sapientia
1050 389 1089 416 et
1118 390 1200 416 arte
1228 381 1386 429 indigna
1413 385 1687 425 existimarem,
1724 381 1792 418 sed

263 433 467 471 mediocris
496 440 643 467 tantum
659 425 844 475 hominis,
872 432 1092 468 scholastici
1108 442 1147 468 et
1161 432 1346 477 rhetoris,
1373 444 1668 483 praeceptorum
1685 443 1794 470 vete-⁷

262 499 348 522 rum
384 488 534 533 copiam
568 487 833 531 recoquentis‚
874 488 1099 520 imitationis
1136 486 1356 534 exemplum
1383 490 1629 547 proposituri.
1699 486 1790 532 Qta

262 537 416 587 quidem
451 535 667 571 differentia
702 539 791 571 satis
828 548 967 583 magna
994 536 1059 571 illa
1087 535 1303 573 studiorum
1331 547 1371 573 et
1398 541 1541 585 ingenii
1570 541 1609 573 in
1637 534 1788 574 univer-

260 602 343 626 sum
370 588 650 630 demonstrata,
688 599 774 624 meo
804 587 960 636 quidem
987 587 1129 634 judicio
1158 601 1241 624 non
1269 602 1367 637 opus
1396 594 1485 633 erit,
1514 599 1573 632 ut,
1601 601 1700 637 quae
1727 593 1788 625 via

259 642 332 677 hac
360 643 602 689 potissimum
629 643 669 675 in
699 652 848 683 caussa,
889 640 955 676 ubi
982 639 1240 689 discrepantia
1267 649 1395 677 totum
1424 635 1696 691 complectitur
1723 653 1786 689 ge-

257 705 347 735 nus,
382 692 529 728 lubrica
548 692 765 728 'admodum
795 702 853 729 est
881 702 919 729 et
948 696 1114 735 incerta,
1143 692 1292 740 singula
1319 694 1474 742 singulis
1504 692 1786 742 conjungendo,

259 754 299 781 et
327 743 565 794 opponendo
594 756 676 781 rem
703 756 830 781 meam
858 743 1034 782 studeam
1061 744 1223 792 assequi.

680 868 710 892 ⁸
961 864 995 914 §.
1048 868 1077 903 12

708 953 772 990 De
799 962 976 1003 tempore
1004 952 1161 1002 Dialogi
1187 956 1331 1002 scripti.

360 1059 542 1107 Tempus,
571 1070 648 1108 quo
678 1059 864 1107 Dialogus
893 1061 1055 1107 scriptus
1083 1057 1199 1094 fuerit
1225 1066 1267 1094 et
1286 1056 1421 1101 editus,
1449 1069 1681 1107 quamquam
1704 1059 1785 1095 Viri

255 1110 364 1148 docti
392 1110 576 1147 disserere
603 1110 781 1147 nondum
808 1114 906 1155 ausi,
946 1110 1068 1147 habiti
1095 1119 1247 1146 tantum
1283 1113 1468 1146 sermonis
1496 1113 1662 1159 tempori
1691 1122 1783 1146 con-

256 1163 453 1199 stituendo
482 1167 743 1211 acquiescunt,
756 1163 803 1205 Ἴ
819 1166 1033 1198 accuratius
1052 1161 1180 1198 debet
1206 1154 1367 1204 definiri,
1396 1171 1435 1198 et
1462 1171 1593 1210 potest
1621 1162 1782 1206 facilius,

253 1224 299 1251 ut
339 1215 433 1250 mihi
481 1213 638 1263 quidem
684 1213 845 1250 videtur.
939 1215 1039 1250 Nam
1080 1217 1247 1263 primum
1288 1225 1377 1252 cum
1425 1214 1529 1263 Aper
1576 1222 1615 1250 et
1664 1214 1785 1251 Julius

254 1228 532 1310 Secundus,qu
521 1279 543 1303 e
576 1266 726 1303 disertis
762 1266 841 1302 fere
873 1266 997 1303 verbis
1032 1269 1199 1302 auctoris
1235 1264 1338 1302 diem
1368 1266 1506 1303 obiisse
1533 1266 1785 1310 videntur‚“)

254 1327 341 1355 tum
366 1319 488 1355 Julius
516 1318 672 1367 quidem
699 1318 916 1361 Secundus,
944 1326 1044 1355 teste
1073 1318 1425 1365 Quinctiliano,*“)
1452 1321 1654 1354 immatura
1681 1331 1783 1355 mor-

254 1379 308 1414 te,
336 1380 442 1406 certe
470 1380 561 1406 ante
589 1382 727 1407 necem
756 1371 981 1412 Domitiani,
1009 1379 1163 1418 ereptus
1192 1378 1284 1406 erat.
1338 1371 1559 1407 Maternum
1588 1369 1728 1407 deinde
1741 1380 1784 1407 et

257 1423 466 1460 Messalam
498 1424 576 1468 jam
603 1432 775 1457 mortuos
804 1434 903 1465 esse,
943 1425 1096 1457 ratione
1124 1421 1377 1457 admonemur
1405 1431 1445 1458 et
1472 1423 1634 1459 consilio
1662 1423 1783 1459 libelli

256 1475 434 1522 evulgati.
488 1476 589 1510 Nam
617 1483 760 1513 auctor,
775 1473 938 1521 cupidus
952 1477 1118 1508 virorum
1133 1472 1477 1517 disertissimorum,
1505 1483 1544 1509 et
1558 1474 1782 1522 litterarum,

258 1538 352 1575 quas
380 1525 582 1569 colebant,
616 1525 930 1575 studiosissimus,
965 1533 1071 1561 certe
1098 1536 1226 1573 neque
1253 1537 1318 1574 φ,
1353 1538 1452 1574 quae
1480 1529 1578 1563 intra
1606 1530 1783 1576 parietes,

257 1583 382 1616 amico
419 1588 506 1615 acta
538 1591 739 1621 consessu,
781 1588 821 1614 et
849 1579 896 1614 ab
926 1581 1062 1614 animis
1096 1577 1338 1614 inflammatis
1366 1588 1482 1626 atque
1509 1578 1559 1614 de
1585 1579 1784 1630 republica

256 1631 512 1673 exacerbatis,
541 1631 717 1666 familiari
744 1639 897 1666 tantum
923 1632 1066 1676 jactata
1095 1639 1206 1665 erant
1234 1641 1410 1666 sermone
1438 1639 1489 1667 et
1505 1629 1636 1675 effusa,
1646 1631 1711 1668 ad
1736 1632 1781 1669 li-

254 1683 367 1719 brum
396 1681 711 1731 componendum
740 1682 905 1731 maligne
933 1682 1038 1718 velut
1067 1681 1181 1718 furari
1204 1695 1379 1732 unquam
1405 1682 1536 1721 finisset
1564 1695 1686 1730 ausus,
1712 1697 1780 1721 ne-

256 1746 349 1784 que,
389 1747 494 1771 cum·
512 1735 691 1780 hominis,
714 1738 855 1772 mortui
892 1738 1210 1771 commemoratio
1247 1745 1313 1772 aut
1346 1734 1527 1773 laudandi
1554 1745 1628 1775 aut.
1648 1735 1780 1779 defen·

292 1890 317 1922 '‘)
338 1888 406 1923 Cap.
424 1888 512 1915 xvn.
533 1888 596 1914 dicit
613 1888 703 1923 Aper:
742 1889 782 1914 Ac
808 1894 907 1913 sextam
933 1888 986 1922 jam
1004 1888 1085 1915 felici·
1104 1889 1185 1923 hujus
1204 1890 1366 1929 principatus
1385 1890 1542 1920 stationem,
1570 1899 1623 1925 qun
1640 1890 1778 1926 Vespasia-

345 1933 382 1950 nu
385 1933 395 1949 s
414 1923 548 1958 rempubl.
565 1923 640 1949 fovet
659 1929 708 1949 etc.

294 1978 322 1995 v
325 1975 338 2008 )
356 1976 422 2010 Cap.
441 1975 474 2002 11.
495 1975 517 1999 (
522 1975 673 2000 leben-ima
694 1981 761 2000 tum
780 1975 868 2007 ingeni
872 1985 884 2000 a
904 1975 932 1999 so
927 1975 965 2004 ri
982 1981 1031 2002 etc.
1069 1975 1140 2001 Nam
1161 1982 1185 2002 et
1195 1975 1321 2003 Secundo
1340 1985 1425 2013 purus
1445 1981 1470 2003 et
1488 1984 1593 2012 pressus
1612 1982 1637 2003 et
1654 1976 1681 2004 in
1692 1986 1775 2013 quan-

347 2016 403 2035 tum
423 2010 481 2036 satis
502 2017 569 2041 «rat,
589 2011 727 2046 profluens
747 2019 835 2036 sermo
855 2020 912 2037 ntn
920 2008 1049 2038 deluit.
1072 2017 1120 2038 etc.

295 2066 338 2081 *⁴
340 2061 354 2096 )
372 2063 454 2088 Instit-
475 2063 548 2089 Orat.
567 2064 602 2090 X.
621 2072 644 2089 c.
664 2064 684 2092 1.
705 2073 731 2089 n.
755 2065 813 2090 120.
